<?xml version="1.0" encoding="UTF-8"?><record xmlns="http://www.loc.gov/MARC21/slim" xmlns:cinclude="http://apache.org/cocoon/include/1.0" xmlns:zs="http://www.loc.gov/zing/srw/">
  <leader>01311nz  a2200193n  4500</leader>
  <controlfield tag="001">nb2011028385</controlfield>
  <controlfield tag="003">DLC</controlfield>
  <controlfield tag="005">20111029075231.0</controlfield>
  <controlfield tag="008">111027n| acannaabn          |a aaa      </controlfield>
  <datafield tag="010" ind1=" " ind2=" ">
    <subfield code="a">nb2011028385</subfield>
  </datafield>
  <datafield tag="035" ind1=" " ind2=" ">
    <subfield code="a">(Uk)008298743</subfield>
  </datafield>
  <datafield tag="040" ind1=" " ind2=" ">
    <subfield code="a">Uk</subfield>
    <subfield code="b">eng</subfield>
    <subfield code="c">Uk</subfield>
  </datafield>
  <datafield tag="100" ind1="1" ind2=" ">
    <subfield code="a">Rodríguez García, Esperanza,</subfield>
    <subfield code="d">1968-</subfield>
  </datafield>
  <datafield tag="400" ind1="1" ind2=" ">
    <subfield code="a">García, Esperanza Rodríguez,</subfield>
    <subfield code="d">1968-</subfield>
  </datafield>
  <datafield tag="400" ind1="1" ind2=" ">
    <subfield code="a">Rodríguez, Esperanza,</subfield>
    <subfield code="d">1968-</subfield>
  </datafield>
  <datafield tag="670" ind1=" " ind2=" ">
    <subfield code="a">Un libro de atril del Collegio del Patriarca de Valencia, 2006:</subfield>
    <subfield code="b">t.p. (Esperanza Rodríguez García)</subfield>
  </datafield>
  <datafield tag="670" ind1=" " ind2=" ">
    <subfield code="a">Set motets inèdits, 2007, c2006:</subfield>
    <subfield code="b">t.p. (Esperanza Rodríguez)</subfield>
  </datafield>
  <datafield tag="670" ind1=" " ind2=" ">
    <subfield code="a">Instituto Valenciano de la Música database, 27 Oct. 2011</subfield>
    <subfield code="b">(hdg.: Rodríguez García, Esperanza, 1968-)</subfield>
  </datafield>
  <datafield tag="670" ind1=" " ind2=" ">
    <subfield code="a">Univ. of Nottingham website, 27 Oct. 2011:</subfield>
    <subfield code="b">Dept. of Music, news (the Dept. is delighted to welcome Dr Esperanza Rodriguez-Garcia as Lecturer in Music, from September 2011 to December 2012; Esperanza obtained her PhD in sixteenth-century sacred music in Spain and Italy from the University of Manchester in 2010, and since then has been an Early Career Research Associate at the Institute of Musical Research (School of Advanced Study, University of London), and a researcher for the Early Music Online project at Royal Holloway (University of London) and the British Library)</subfield>
  </datafield>
</record>